@article{Kim,
	author    = {Yoon Kim},
	title     = {Convolutional Neural Networks for Sentence Classification},
	journal   = {CoRR},
	volume    = {abs/1408.5882},
	year      = {2014},
	url       = {http://arxiv.org/abs/1408.5882},
	archivePrefix = {arXiv},
	eprint    = {1408.5882},
	timestamp = {Wed, 07 Jun 2017 14:40:07 +0200},
	biburl    = {https://dblp.org/rec/bib/journals/corr/Kim14f},
	bibsource = {dblp computer science bibliography, https://dblp.org}
}

@article{Zhang,
	author    = {Ye Zhang and Byron C. Wallace},
	title     = {A Sensitivity Analysis of (and Practitioners' Guide to) Convolutional
	Neural Networks for Sentence Classification},
	journal   = {CoRR},
	volume    = {abs/1510.03820},
	year      = {2015},
	url       = {http://arxiv.org/abs/1510.03820},
	archivePrefix = {arXiv},
	eprint    = {1510.03820},
	timestamp = {Wed, 07 Jun 2017 14:43:15 +0200},
	biburl    = {https://dblp.org/rec/bib/journals/corr/ZhangW15b},
	bibsource = {dblp computer science bibliography, https://dblp.org}
}

@article{Wang,
	author = {Wang, Sida and Manning, Christopher D.},
	title = {Baselines and Bigrams: Simple, Good Sentiment and Topic Classification},
	booktitle = {Proceedings of the 50th Annual Meeting of the Association for Computational Linguistics: Short Papers - Volume 2},
	series = {ACL '12},
	year = {2012},
	location = {Jeju Island, Korea},
	pages = {90--94},
	numpages = {5},
	url = {http://dl.acm.org/citation.cfm?id=2390665.2390688},
	acmid = {2390688},
	publisher = {Association for Computational Linguistics},
}

@article{word2vec,
	author    = {Tomas Mikolov and
	Ilya Sutskever and
	Kai Chen and
	Greg Corrado and
	Jeffrey Dean},
	title     = {Distributed Representations of Words and Phrases and their Compositionality},
	journal   = {CoRR},
	volume    = {abs/1310.4546},
	year      = {2013},
	url       = {http://arxiv.org/abs/1310.4546},
	archivePrefix = {arXiv},
	eprint    = {1310.4546},
	timestamp = {Wed, 07 Jun 2017 14:40:03 +0200},
	biburl    = {https://dblp.org/rec/bib/journals/corr/MikolovSCCD13},
	bibsource = {dblp computer science bibliography, https://dblp.org}
}

@article{Pennington,
	author = {Jeffrey Pennington and Richard Socher and Christopher D. Manning},
	title = {Glove: Global vectors for word representation},
	booktitle = {In EMNLP},
	year = {2014}
}

@article{Hu,
	author = {Hu, Minqing and Liu, Bing},
	title = {Mining and Summarizing Customer Reviews},
	booktitle = {Proceedings of the Tenth ACM SIGKDD International Conference on Knowledge Discovery and Data Mining},
	series = {KDD '04},
	year = {2004},
	isbn = {1-58113-888-1},
	location = {Seattle, WA, USA},
	pages = {168--177},
	numpages = {10},
	url = {http://doi.acm.org/10.1145/1014052.1014073},
	doi = {10.1145/1014052.1014073},
	acmid = {1014073},
	publisher = {ACM},
	address = {New York, NY, USA},
	keywords = {reviews, sentiment classification, summarization, text mining},
} 
